@UNPUBLISHED(OLdTebiki,
	author = "傳 康晴",
	yomi = "Yasuharu Den",
	title = "修論・卒論作成の手引き",
	note = "1991年11月25日版"
)
@BOOK(LaTeX,
	author = "Leslie Lamport",
	title = "{\LaTeX \rm:} {A} Document Preparation System",
	publisher = "Addison-Wesley",
	year = 1986,
	note = "(邦訳：『文書処理システム {\LaTeX}』 Edgar Cooke, 倉沢良一 監訳, 大野俊治, 小暮博道, 藤浦はる美 訳, アスキー， 1990年)"
)
