@article(Perin2013,
author = "Perin, Charles and Vuillemot, Romain and Fekete, Jean Daniel",
doi = "10.1109/TVCG.2013.192",
isbn = "1077-2626 VO  - 19",
issn = "10772626",
journal = "IEEE Transactions on Visualization and Computer Graphics",
keywords = "Visual knowledge discovery,sport analytics,visual aggregation,visual knowledge representation",
number = "12",
pages = "2506--2515",
pmid = "24051817",
title = "SoccerStories: A kick-off for visual soccer analysis",
volume = "19",
year = "2013"
)
@article(Pileggi2012,
author = "Pileggi, Hannah and Stolper, CD",
journal = "Visualization and \ldots",
number = "12",
pages = "2819--2828",
title = "Snapshot: Visualization to propel ice hockey analytics",
url = "http://ieeexplore.ieee.org/xpls/abs\_all.jsp?arnumber=6327288",
volume = "18",
year = "2012"
)
@inproceedings(Sanui1996,
author = "Sanui, Junichiro",
booktitle = "the 3rd Design \& Decision Support Systems in Architecture \& Urban Planning Conference",
keywords = "EGM,Evaluation Grid Method",
pages = "365--374",
title = "Visualization of users requirements: Introduction of the Evaluation Grid Method",
year = "1996"
)
@article(Urokohara2000,
author = "Urokohara, Haruhiko and Tanaka, Kenichi and Furuta, Kazuyoshi and Honda, Michiyo and Kurosu, Masaaki",
doi = "10.1145/633292.633394",
isbn = "1581132484",
journal = "Extended Abstracts on Human Factors in Computing Systems",
keywords = "expert user,keystroke level model,novice,task performance measure,usability evaluation,user",
pages = "185",
title = "NEM: 'novice expert ratio method' a usability evaluation method to generate a new performance measure",
url = "http://dl.acm.org/citation.cfm?id=633292.633394",
year = "2000"
)
@article(Polk2014,
author = "Polk, Tom and Yang, Jing and Hu, Yueqi and Zhao, Ye",
doi = "10.1109/TVCG.2014.2346445",
issn = "1077-2626",
journal = "IEEE Transactions on Visualization and Computer Graphics",
month = dec,
number = "12",
pages = "2339--2348",
title = "TenniVis: Visualization for Tennis Match Analysis",
url = "http://ieeexplore.ieee.org/lpdocs/epic03/wrapper.htm?arnumber=6876044 http://ieeexplore.ieee.org/xpls/abs\_all.jsp?arnumber=6876044",
volume = "20",
year = "2014"
)
@article(Abras2004,
author = "Abras, Chadia",
pages = "1--14",
title = "User-centered design",
url = "http://uba-mobile.googlecode.com/svn/trunk/resources/Abras, Maloney-krichmar, Preece/Bainbridge, W. Encyclopedia of Human-Computer Interaction. Thousand Oaks Sage Publications - Abras, Maloney-Krichmar, Preece - 2004 - User-Centered Design.pdf",
year = "2004"
)
@article(Bostock2011,
author = "Bostock, Michael and Ogievetsky, Vadim and Heer, Jeffrey",
number = "12",
pages = "2301--2309",
title = "D 3 : Data-Driven Documents",
volume = "17",
year = "2011"
)
@article(K2014,
author = "K, Arun Sai",
doi = "10.1145/2632434.2632444",
number = "4",
pages = "2--6",
title = "A Data-Agnostic Dashboard Visualization Framework With Customizable Layout For e-Commerce Data Analytics",
volume = "39",
year = "2014"
)
@article(Onoue2014,
author = "Onoue, Yosuke and Kukimoto, Nobuyuki and Koyamada, Koji",
number = "12",
pages = "43--51",
title = "Causal Relationship Analysis of Member Satisfaction in the Visualization Society of Japan",
volume = "34",
year = "2014"
)
@article(NEM,
title = "NEM : Novice Expert ratio Method",
author = "unknown"
)
